%% This BibTeX bibliography file was created using BibDesk.
%% http://bibdesk.sourceforge.net/


%% Created for Flavius Gruian at 2010-04-12 13:59:17 +0200 


%% Saved with string encoding Unicode (UTF-8) 



@article{1214341,
	Author = {Bini, E. and Buttazzo, G.C. and Buttazzo, G.M.},
	Date-Added = {2010-04-12 13:57:26 +0200},
	Date-Modified = {2010-04-12 13:57:26 +0200},
	Doi = {10.1109/TC.2003.1214341},
	Issn = {0018-9340},
	Journal = {Computers, IEEE Transactions on},
	Keywords = {aperiodic servers; blocking times; concurrency control protocols; execution times; hyperbolic bound; large periodic task sets; performance; rate monotonic analysis; real time system; response time analysis; schedulability analysis; simulations; concurrency control; performance evaluation; protocols; real-time systems; scheduling;},
	Month = {jul},
	Number = {7},
	Pages = {933 - 942},
	Title = {Rate monotonic analysis: the hyperbolic bound},
	Volume = {52},
	Year = {2003},
	Bdsk-Url-1 = {http://dx.doi.org/10.1109/TC.2003.1214341}}

@url{xilinx,
	Author = {{Xilinx Inc.}},
	Date-Added = {2010-04-12 11:27:10 +0200},
	Date-Modified = {2010-04-12 13:59:17 +0200},
	Keywords = {xilinx},
	Title = {\url{http://www.xilinx.com/}},
	Url = {\url{http://www.xilinx.com/}},
	Year = {2007},
	Bdsk-Url-1 = {http://www.xilinx.com/}}

@manual{microblaze,
	Author = {Xilinx},
	Date-Added = {2010-04-12 11:27:07 +0200},
	Date-Modified = {2010-04-12 11:27:07 +0200},
	Edition = {{EDK} v6.2},
	Month = {June 14},
	Title = {{MicroBlaze} Processor Reference Guide},
	Year = {2004}}

% fsl: http://www.xilinx.com/support/documentation/ip_documentation/fsl_v20.pdf
